<record><leader>00000cas a2200000 a 4500</leader><controlfield tag="001">11397093</controlfield><controlfield tag="008">841117d18971951hiuwx ne      0    0eng d</controlfield><datafield ind1=" " ind2=" " tag="010"><subfield code="a">sn 84045322 </subfield></datafield><datafield ind1=" " ind2=" " tag="040"><subfield code="a">HUH</subfield><subfield code="b">eng</subfield><subfield code="c">HUH</subfield><subfield code="d">HWN</subfield><subfield code="d">OCL</subfield><subfield code="d">OCLCQ</subfield><subfield code="d">OCLCF</subfield><subfield code="d">OCLCO</subfield><subfield code="d">OCL</subfield><subfield code="d">OCLCQ</subfield></datafield><datafield ind1="0" ind2=" " tag="041"><subfield code="a">eng</subfield><subfield code="a">jpn</subfield></datafield><datafield ind1=" " ind2=" " tag="042"><subfield code="a">msc</subfield></datafield><datafield ind1=" " ind2=" " tag="043"><subfield code="a">n-us-hi</subfield></datafield><datafield ind1=" " ind2="4" tag="050"><subfield code="a">AN2</subfield><subfield code="b">.K653</subfield></datafield><datafield ind1="0" ind2="4" tag="245"><subfield code="a">The Kona echo.</subfield></datafield><datafield ind1="3" ind2="1" tag="246"><subfield code="a">Kona hankyo&#772;</subfield></datafield><datafield ind1=" " ind2=" " tag="260"><subfield code="a">Holualua, Hawaii, T.H. :</subfield><subfield code="b">Kona Echo</subfield></datafield><datafield ind1=" " ind2=" " tag="300"><subfield code="a">51 volumes :</subfield><subfield code="b">illustrations ;</subfield><subfield code="c">46-58 cm</subfield></datafield><datafield ind1=" " ind2=" " tag="310"><subfield code="a">Weekly,</subfield><subfield code="b">Apr.-July 1951</subfield></datafield><datafield ind1=" " ind2=" " tag="321"><subfield code="a">Semimonthly,</subfield><subfield code="b">1950-Mar. 1951</subfield></datafield><datafield ind1=" " ind2=" " tag="336"><subfield code="a">text</subfield><subfield code="b">txt</subfield><subfield code="2">rdacontent</subfield></datafield><datafield ind1=" " ind2=" " tag="337"><subfield code="a">unmediated</subfield><subfield code="b">n</subfield><subfield code="2">rdamedia</subfield></datafield><datafield ind1=" " ind2=" " tag="338"><subfield code="a">volume</subfield><subfield code="b">nc</subfield><subfield code="2">rdacarrier</subfield></datafield><datafield ind1="0" ind2=" " tag="362"><subfield code="a">-v. 51, no. 2783 (July 7, 1951).</subfield></datafield><datafield ind1="1" ind2=" " tag="362"><subfield code="a">Began with Feb. 3, 1897 issue.</subfield><subfield code="z">Cf. Sakamaki, S. Hist. of the Japanese press in Hawaii.</subfield></datafield><datafield ind1=" " ind2=" " tag="500"><subfield code="a">Added masthead title in Japanese: Kona hankyo&#772;.</subfield></datafield><datafield ind1=" " ind2=" " tag="500"><subfield code="a">Published 19 - in Kailua-Kona, Hawaii.</subfield></datafield><datafield ind1=" " ind2=" " tag="500"><subfield code="a">Editor/publisher: 1897- S. Hayashi.</subfield></datafield><datafield ind1=" " ind2=" " tag="515"><subfield code="a">Publication suspended in June 1941; resumed with Apr. 1, 1950.</subfield></datafield><datafield ind1=" " ind2=" " tag="546"><subfield code="a">Issued in English and Japanese, 1897-1907?, 1925-1939; in Japanese only, 1908?-1925; in English only, Sept.? 1939-June 1941, 1950-1951. Cf. Apr. 1, 1950 issue.</subfield></datafield><datafield ind1=" " ind2=" " tag="588"><subfield code="a">Description based on: Vol. 16, no. 773 (Mar. 14, 1912).</subfield></datafield><datafield ind1=" " ind2="0" tag="650"><subfield code="a">Japanese periodicals</subfield><subfield code="z">Hawaii</subfield><subfield code="z">Hawaii Island.</subfield></datafield><datafield ind1=" " ind2="0" tag="651"><subfield code="a">Hawaii Island (Hawaii)</subfield><subfield code="v">Periodicals.</subfield></datafield><datafield ind1=" " ind2="7" tag="650"><subfield code="a">Japanese periodicals.</subfield><subfield code="2">fast</subfield><subfield code="0">(OCoLC)fst00981888</subfield></datafield><datafield ind1=" " ind2="7" tag="651"><subfield code="a">Hawaii</subfield><subfield code="z">Hawaii Island.</subfield><subfield code="2">fast</subfield><subfield code="0">(OCoLC)fst01213101</subfield></datafield><datafield ind1=" " ind2="7" tag="655"><subfield code="a">Periodicals.</subfield><subfield code="2">fast</subfield><subfield code="0">(OCoLC)fst01411641</subfield></datafield><datafield ind1="1" ind2=" " tag="700"><subfield code="a">Hayashi, Saburo&#772;.</subfield></datafield><datafield ind1=" " ind2=" " tag="752"><subfield code="a">United States</subfield><subfield code="b">Hawaii</subfield><subfield code="c">Hawaii</subfield><subfield code="d">Holualoa.</subfield></datafield><datafield ind1=" " ind2=" " tag="752"><subfield code="a">United States</subfield><subfield code="b">Hawaii</subfield><subfield code="c">Hawaii</subfield><subfield code="d">Kailua-Kona.</subfield></datafield></record>